@article{mcguire-1986,
  title={The myth of massive media impact: Savagings and salvagings},
  author={McGuire, William J},
  journal={Public communication and behavior},
  volume={1},
  pages={173--257},
  year={1986}
}
@book{marchand-2004,
  title={Psychologie sociale des m{\'e}dias},
  author={Marchand, Pascal},
  year={2004},
  publisher={Presses Universitaires de Rennes}
}
@inproceedings{hamborg-2019,
  title={Illegal aliens or undocumented immigrants? Towards the automated identification of bias by word choice and labeling},
  author={Hamborg, Felix and Zhukova, Anastasia and Gipp, Bela},
  booktitle={International Conference on Information},
  pages={179--187},
  year={2019},
  organization={Springer}
}
@unpublished{spinde-2021,
  title={MBIC--A Media Bias Annotation Dataset Including Annotator Characteristics},
  author={Spinde, Timo and Rudnitckaia, Lada and Sinha, Kanishka and Hamborg, Felix and Gipp, Bela and Donnay, Karsten},
  journal={arXiv preprint arXiv:2105.11910},
  year={2021},
  howpublished={\url{https://www.kaggle.com/timospinde/mbic-a-media-bias-annotation-datase}},
  note={Preprint available at: \url{https://arxiv.org/abs/2105.11910}}
}
@InProceedings{pandas,
  author    = { {W}es {M}c{K}inney },
  title     = { {D}ata {S}tructures for {S}tatistical {C}omputing in {P}ython },
  booktitle = { {P}roceedings of the 9th {P}ython in {S}cience {C}onference },
  pages     = { 56 - 61 },
  year      = { 2010 },
  editor    = { {S}t\'efan van der {W}alt and {J}arrod {M}illman },
  doi       = { 10.25080/Majora-92bf1922-00a }
}
@article{numpy,
  title = {Array programming with {NumPy}},
  author = {Charles R. Harris and K. Jarrod Millman and St{\'{e}}fan J.
  	   van der Walt and Ralf Gommers and Pauli Virtanen and David
  	   Cournapeau and Eric Wieser and Julian Taylor and Sebastian
	   Berg and Nathaniel J. Smith and Robert Kern and Matti Picus
	   and Stephan Hoyer and Marten H. van Kerkwijk and Matthew
	   Brett and Allan Haldane and Jaime Fern{\'{a}}ndez del
	   R{\'{i}}o and Mark Wiebe and Pearu Peterson and Pierre
	   G{\'{e}}rard-Marchant and Kevin Sheppard and Tyler Reddy and
	   Warren Weckesser and Hameer Abbasi and Christoph Gohlke and
	   Travis E. Oliphant},
  year = {2020},
  month = sep,
  journal = {Nature},
  volume = {585},
  number = {7825},
  pages = {357--362},
  doi = {10.1038/s41586-020-2649-2},
  publisher = {Springer Science and Business Media {LLC}},
  url = {https://doi.org/10.1038/s41586-020-2649-2}
}
@article{scikit-learn,
  title={Scikit-learn: Machine Learning in {P}ython},
  author={Pedregosa, F. and Varoquaux, G. and Gramfort, A. and Michel, V.
  	  and Thirion, B. and Grisel, O. and Blondel, M. and Prettenhofer, P.
	  and Weiss, R. and Dubourg, V. and Vanderplas, J. and Passos, A. and
	  Cournapeau, D. and Brucher, M. and Perrot, M. and Duchesnay, E.},
  journal={Journal of Machine Learning Research},
  volume={12},
  pages={2825--2830},
  year={2011}
}
@book{nltk,
  title={Natural language processing with Python: analyzing text with the natural language toolkit},
  author={Bird, Steven and Klein, Ewan and Loper, Edward},
  year={2009},
  publisher={" O'Reilly Media, Inc."},
  language={english}
}
@article{mlxtend,
  author = {Sebastian Raschka},
  title  = {MLxtend: Providing machine learning and data science 
            utilities and extensions to Pythonâ€™s  
            scientific computing stack},
  journal = {The Journal of Open Source Software},
  volume = {3},
  number = {24},
  month = apr,
  year = 2018,
  publisher = {The Open Journal},
  doi = {10.21105/joss.00638},
  url = {http://joss.theoj.org/papers/10.21105/joss.00638}
}
@article{loh-2011,
  title={Classification and regression trees},
  author={Loh, Wei-Yin},
  journal={Wiley interdisciplinary reviews: data mining and knowledge discovery},
  volume={1},
  number={1},
  pages={14--23},
  year={2011},
  publisher={Wiley Online Library}
}
@misc{sklearn-dt,
  author = {Scikit-Learn Documentation},
  title = {{Decision Trees}},
  howpublished = {\url{https://scikit-learn.org/stable/modules/tree.html#}},
}
@misc{sklearn-knn,
  author = {Scikit-Learn Documentation},
  title = {{Nearest Neighbors}},
  howpublished = {\url{https://scikit-learn.org/stable/modules/neighbors.html#}},
}
@article{friedman-2001,
  title={Greedy function approximation: a gradient boosting machine},
  author={Friedman, Jerome H},
  journal={Annals of statistics},
  pages={1189--1232},
  year={2001},
  publisher={JSTOR}
}
@misc{sklearn-gbdt,
  author = {Scikit-Learn Documentation},
  title = {{Ensemble Methods}},
  howpublished = {\url{https://scikit-learn.org/stable/modules/ensemble.html#gradient-tree-boosting}},
}
@article{rosenbaltt-1957,
  title={The perceptron--a perceiving and recognizing automaton},
  author={Rosenbaltt, Frank},
  journal={Cornell Aeronautical Laboratory},
  year={1957}
}
@misc{sklearn-mlp,
  author = {Scikit-Learn Documentation},
  title = {{Neural Network Models (Supervised)}},
  howpublished = {\url{https://scikit-learn.org/stable/modules/neural_networks_supervised.html#multi-layer-perceptron}},
}
@misc{mlxtend-vc,
  author = {Raschka, Sebastian},
  title = {{Ensemble Vote Classifier}},
  howpublished = {\url{https://rasbt.github.io/mlxtend/user_guide/classifier/EnsembleVoteClassifier/}},
}
@misc{porter-2001,
  title={Snowball: A language for stemming algorithms},
  author={Porter, Martin F},
  year={2001},
  howpublished = {\url{http://snowball.tartarus.org/texts/introduction.html}}
}
@misc{nltk-wordnet,
  author = {NLTK 3.6.2 Documentation},
  title = {{Nltk Stem Package }},
  howpublished = {\url{https://www.nltk.org/api/nltk.stem.html?highlight=wordnetlemmatizer}},
}
@book{leskovec-2020,
  title={Mining of massive data sets},
  author={Leskovec, Jure and Rajaraman, Anand and Ullman, Jeffrey David},
  year={2020},
  publisher={Cambridge university press}
}
@inproceedings{spinde-2020,
  title={Media bias in german news articles: A combined approach},
  author={Spinde, Timo and Hamborg, Felix and Gipp, Bela},
  booktitle={Joint European Conference on Machine Learning and Knowledge Discovery in Databases},
  pages={581--590},
  year={2020},
  organization={Springer}
}
@article{morstatter-2018,
  title={Identifying framing bias in online news},
  author={Morstatter, Fred and Wu, Liang and Yavanoglu, Uraz and Corman, Stephen R and Liu, Huan},
  journal={ACM Transactions on Social Computing},
  volume={1},
  number={2},
  pages={1--18},
  year={2018},
  publisher={ACM New York, NY, USA}
}
@unpublished{fan-2019,
  title={In plain sight: Media bias through the lens of factual reporting},
  author={Fan, Lisa and White, Marshall and Sharma, Eva and Su, Ruisi and Choubey, Prafulla Kumar and Huang, Ruihong and Wang, Lu},
  journal={arXiv preprint arXiv:1909.02670},
  year={2019},
  note={Preprint available at: \url{https://arxiv.org/pdf/1909.02670.pdf}}
}
@inproceedings{hamborg-2019auto,
  title={Automated identification of media bias by word choice and labeling in news articles},
  author={Hamborg, Felix and Zhukova, Anastasia and Gipp, Bela},
  booktitle={2019 ACM/IEEE Joint Conference on Digital Libraries (JCDL)},
  pages={196--205},
  year={2019},
  organization={IEEE}
}
@misc{lim-2018,
  title={Understanding characteristics of biased sentences in news},
  author={Lim, Sora and Jatowt, Adam and Yoshikawa, Masatoshi},
  year={2018},
  publisher={INRA}
}
